@BOOK{parallellaRefManual,
    AUTHOR="Adepteva",
    TITLE="Parallella Reference Manual",
    HOWPUBLISHED = "\url{http://www.parallella.org/docs/parallella_manual.pdf}"
}

@MISC{parallellaNFSProblem,
	HOWPUBLISHED = "\url{https://parallella.org/forums/viewtopic.php?f=9&t=902}",
	AUTHOR = "Parallella Forum",
	TITLE = "Discussion: Problem with NFS on the Parallella Board",
	MONTH = "Jan",
	YEAR = "2014",
	NOTE = "Accessed on 2018-12-12"
}

@MISC{top500_linpack,
	HOWPUBLISHED = "\url{https://www.top500.org/project/linpack/}",
	AUTHOR = "{\relax Top 500} ",
	TITLE = "THE {LINPACK} BENCHMARK",
	NOTE = "Accessed on 2018-12-12"
}
